@inproceedings{DBLP:conf/lion/KotthoffMS16,
  author    = {Lars Kotthoff and
               Ciaran McCreesh and
               Christine Solnon},
  title     = {Portfolios of Subgraph Isomorphism Algorithms},
  booktitle = {Learning and Intelligent Optimization - 10th International Conference,
               {LION} 10, Ischia, Italy, May 29 - June 1, 2016, Revised Selected
               Papers},
  pages     = {107--122},
  year      = {2016},
  crossref  = {DBLP:conf/lion/2016},
  url       = {https://doi.org/10.1007/978-3-319-50349-3_8},
  doi       = {10.1007/978-3-319-50349-3_8},
  timestamp = {Fri, 26 May 2017 00:49:50 +0200},
  biburl    = {http://dblp.uni-trier.de/rec/bib/conf/lion/KotthoffMS16},
  bibsource = {dblp computer science bibliography, http://dblp.org}
}
@proceedings{DBLP:conf/lion/2016,
  editor    = {Paola Festa and
               Meinolf Sellmann and
               Joaquin Vanschoren},
  title     = {Learning and Intelligent Optimization - 10th International Conference,
               {LION} 10, Ischia, Italy, May 29 - June 1, 2016, Revised Selected
               Papers},
  series    = {Lecture Notes in Computer Science},
  volume    = {10079},
  publisher = {Springer},
  year      = {2016},
  url       = {https://doi.org/10.1007/978-3-319-50349-3},
  doi       = {10.1007/978-3-319-50349-3},
  isbn      = {978-3-319-50348-6},
  timestamp = {Fri, 26 May 2017 00:49:50 +0200},
  biburl    = {http://dblp.uni-trier.de/rec/bib/conf/lion/2016},
  bibsource = {dblp computer science bibliography, http://dblp.org}
}
@techreport{kotthoff_llama_2013,
    address = {{arXiv}},
    title = {{LLAMA:} Leveraging Learning to Automatically Manage Algorithms},
    url = {http://arxiv.org/abs/1306.1031},
    number = {{arXiv:1306.1031}},
    author = {Kotthoff, Lars},
    month = jun,
    year = {2013}
}
@inproceedings{DBLP:conf/cp/McCreeshNPS16,
  author    = {Ciaran McCreesh and
               Samba Ndojh Ndiaye and
               Patrick Prosser and
               Christine Solnon},
  title     = {Clique and Constraint Models for Maximum Common (Connected) Subgraph
               Problems},
  booktitle = {Principles and Practice of Constraint Programming - 22nd International
               Conference, {CP} 2016, Toulouse, France, September 5-9, 2016, Proceedings},
  pages     = {350--368},
  year      = {2016},
  crossref  = {DBLP:conf/cp/2016},
  url       = {https://doi.org/10.1007/978-3-319-44953-1_23},
  doi       = {10.1007/978-3-319-44953-1_23},
  timestamp = {Wed, 17 May 2017 14:24:33 +0200},
  biburl    = {http://dblp.uni-trier.de/rec/bib/conf/cp/McCreeshNPS16},
  bibsource = {dblp computer science bibliography, http://dblp.org}
}
@proceedings{DBLP:conf/cp/2016,
  editor    = {Michel Rueher},
  title     = {Principles and Practice of Constraint Programming - 22nd International
               Conference, {CP} 2016, Toulouse, France, September 5-9, 2016, Proceedings},
  series    = {Lecture Notes in Computer Science},
  volume    = {9892},
  publisher = {Springer},
  year      = {2016},
  url       = {https://doi.org/10.1007/978-3-319-44953-1},
  doi       = {10.1007/978-3-319-44953-1},
  isbn      = {978-3-319-44952-4},
  timestamp = {Wed, 17 May 2017 14:24:33 +0200},
  biburl    = {http://dblp.uni-trier.de/rec/bib/conf/cp/2016},
  bibsource = {dblp computer science bibliography, http://dblp.org}
}
@inproceedings{DBLP:conf/aaai/HoffmannMR17,
  author    = {Ruth Hoffmann and
               Ciaran McCreesh and
               Craig Reilly},
  title     = {Between Subgraph Isomorphism and Maximum Common Subgraph},
  booktitle = {Proceedings of the Thirty-First {AAAI} Conference on Artificial Intelligence,
               February 4-9, 2017, San Francisco, California, {USA.}},
  pages     = {3907--3914},
  year      = {2017},
  crossref  = {DBLP:conf/aaai/2017},
  url       = {http://aaai.org/ocs/index.php/AAAI/AAAI17/paper/view/14948},
  timestamp = {Mon, 06 Mar 2017 11:36:24 +0100},
  biburl    = {http://dblp.uni-trier.de/rec/bib/conf/aaai/HoffmannMR17},
  bibsource = {dblp computer science bibliography, http://dblp.org}
}
@proceedings{DBLP:conf/aaai/2017,
  editor    = {Satinder P. Singh and
               Shaul Markovitch},
  title     = {Proceedings of the Thirty-First {AAAI} Conference on Artificial Intelligence,
               February 4-9, 2017, San Francisco, California, {USA}},
  publisher = {{AAAI} Press},
  year      = {2017},
  url       = {http://www.aaai.org/Library/AAAI/aaai17contents.php},
  timestamp = {Mon, 06 Mar 2017 08:17:31 +0100},
  biburl    = {http://dblp.uni-trier.de/rec/bib/conf/aaai/2017},
  bibsource = {dblp computer science bibliography, http://dblp.org}
}
@inproceedings{DBLP:conf/ijcai/McCreeshPT17,
  author    = {Ciaran McCreesh and
               Patrick Prosser and
               James Trimble},
  title     = {A Partitioning Algorithm for Maximum Common Subgraph Problems},
  booktitle = {Proceedings of the Twenty-Sixth International Joint Conference on
               Artificial Intelligence, {IJCAI} 2017, Melbourne, Australia, August
               19-25, 2017},
  pages     = {712--719},
  year      = {2017},
  crossref  = {DBLP:conf/ijcai/2017},
  url       = {https://doi.org/10.24963/ijcai.2017/99},
  doi       = {10.24963/ijcai.2017/99},
  timestamp = {Tue, 15 Aug 2017 14:48:05 +0200},
  biburl    = {http://dblp.uni-trier.de/rec/bib/conf/ijcai/McCreeshPT17},
  bibsource = {dblp computer science bibliography, http://dblp.org}
}
@proceedings{DBLP:conf/ijcai/2017,
  editor    = {Carles Sierra},
  title     = {Proceedings of the Twenty-Sixth International Joint Conference on
               Artificial Intelligence, {IJCAI} 2017, Melbourne, Australia, August
               19-25, 2017},
  publisher = {ijcai.org},
  year      = {2017},
  url       = {http://www.ijcai.org/Proceedings/2017/},
  isbn      = {978-0-9992411-0-3},
  timestamp = {Tue, 15 Aug 2017 13:02:43 +0200},
  biburl    = {http://dblp.uni-trier.de/rec/bib/conf/ijcai/2017},
  bibsource = {dblp computer science bibliography, http://dblp.org}
}
@article{DBLP:journals/prl/SantoFSV03,
  author    = {Massimo De Santo and
               Pasquale Foggia and
               Carlo Sansone and
               Mario Vento},
  title     = {A large database of graphs and its use for benchmarking graph isomorphism
               algorithms},
  journal   = {Pattern Recognition Letters},
  volume    = {24},
  number    = {8},
  pages     = {1067--1079},
  year      = {2003},
  url       = {https://doi.org/10.1016/S0167-8655(02)00253-2},
  doi       = {10.1016/S0167-8655(02)00253-2},
  timestamp = {Thu, 08 Jun 2017 09:01:41 +0200},
  biburl    = {http://dblp.org/rec/bib/journals/prl/SantoFSV03},
  bibsource = {dblp computer science bibliography, http://dblp.org}
}
@inproceedings{foggia2001-2,
title = {A Database of Graphs for Isomorphism and Sub-Graph Isomorphism Benchmarking},
author = {Pasquale Foggia and Carlo Sansone and Mario Vento},
year = {2001},
booktitle = {Proceedings of the 3rd IAPR TC-15 International Workshop on Graph-based Representations},
keywords = {Graph based classification and learning}}
@article{DBLP:journals/cviu/DamiandSHJS11,
  author    = {Guillaume Damiand and
               Christine Solnon and
               Colin de la Higuera and
               Jean{-}Christophe Janodet and
               {\'{E}}milie Samuel},
  title     = {Polynomial algorithms for subisomorphism of nD open combinatorial
               maps},
  journal   = {Computer Vision and Image Understanding},
  volume    = {115},
  number    = {7},
  pages     = {996--1010},
  year      = {2011},
  url       = {https://doi.org/10.1016/j.cviu.2010.12.013},
  doi       = {10.1016/j.cviu.2010.12.013},
  timestamp = {Sun, 28 May 2017 13:23:20 +0200},
  biburl    = {http://dblp.org/rec/bib/journals/cviu/DamiandSHJS11},
  bibsource = {dblp computer science bibliography, http://dblp.org}
}
@article{DBLP:journals/pr/SolnonDHJ15,
  author    = {Christine Solnon and
               Guillaume Damiand and
               Colin de la Higuera and
               Jean{-}Christophe Janodet},
  title     = {On the complexity of submap isomorphism and maximum common submap
               problems},
  journal   = {Pattern Recognition},
  volume    = {48},
  number    = {2},
  pages     = {302--316},
  year      = {2015},
  url       = {https://doi.org/10.1016/j.patcog.2014.05.019},
  doi       = {10.1016/j.patcog.2014.05.019},
  timestamp = {Thu, 18 May 2017 09:54:39 +0200},
  biburl    = {http://dblp.org/rec/bib/journals/pr/SolnonDHJ15},
  bibsource = {dblp computer science bibliography, http://dblp.org}
}
@article{DBLP:journals/constraints/ZampelliDS10,
  author    = {St{\'{e}}phane Zampelli and
               Yves Deville and
               Christine Solnon},
  title     = {Solving subgraph isomorphism problems with constraint programming},
  journal   = {Constraints},
  volume    = {15},
  number    = {3},
  pages     = {327--353},
  year      = {2010},
  url       = {https://doi.org/10.1007/s10601-009-9074-3},
  doi       = {10.1007/s10601-009-9074-3},
  timestamp = {Sat, 20 May 2017 00:25:22 +0200},
  biburl    = {http://dblp.org/rec/bib/journals/constraints/ZampelliDS10},
  bibsource = {dblp computer science bibliography, http://dblp.org}
}
@article{DBLP:journals/ai/Solnon10,
  author    = {Christine Solnon},
  title     = {AllDifferent-based filtering for subgraph isomorphism},
  journal   = {Artif. Intell.},
  volume    = {174},
  number    = {12-13},
  pages     = {850--864},
  year      = {2010},
  url       = {https://doi.org/10.1016/j.artint.2010.05.002},
  doi       = {10.1016/j.artint.2010.05.002},
  timestamp = {Sat, 27 May 2017 14:24:41 +0200},
  biburl    = {http://dblp.org/rec/bib/journals/ai/Solnon10},
  bibsource = {dblp computer science bibliography, http://dblp.org}
}
@inproceedings{DBLP:conf/ijcai/McCreeshPT16,
  author    = {Ciaran McCreesh and
               Patrick Prosser and
               James Trimble},
  title     = {Heuristics and Really Hard Instances for Subgraph Isomorphism Problems},
  booktitle = {Proceedings of the Twenty-Fifth International Joint Conference on
               Artificial Intelligence, {IJCAI} 2016, New York, NY, USA, 9-15 July
               2016},
  pages     = {631--638},
  year      = {2016},
  crossref  = {DBLP:conf/ijcai/2016},
  url       = {http://www.ijcai.org/Abstract/16/096},
  timestamp = {Fri, 15 Jul 2016 15:58:28 +0200},
  biburl    = {http://dblp.org/rec/bib/conf/ijcai/McCreeshPT16},
  bibsource = {dblp computer science bibliography, http://dblp.org}
}
@proceedings{DBLP:conf/ijcai/2016,
  editor    = {Subbarao Kambhampati},
  title     = {Proceedings of the Twenty-Fifth International Joint Conference on
               Artificial Intelligence, {IJCAI} 2016, New York, NY, USA, 9-15 July
               2016},
  publisher = {{IJCAI/AAAI} Press},
  year      = {2016},
  url       = {http://www.ijcai.org/Proceedings/2016},
  isbn      = {978-1-57735-770-4},
  timestamp = {Fri, 15 Jul 2016 15:25:58 +0200},
  biburl    = {http://dblp.org/rec/bib/conf/ijcai/2016},
  bibsource = {dblp computer science bibliography, http://dblp.org}
}
@phdthesis{abu-aisheh_2016,
title={Anytime and Distributed Approaches for Graph Matching},
school={Universit\'e Fran\c cois-Rabelais de Tours},
author={Zeina Abu-Aisheh},
year={2016}
}
@article{DBLP:journals/topc/McCreeshP15,
  author    = {Ciaran McCreesh and
               Patrick Prosser},
  title     = {The Shape of the Search Tree for the Maximum Clique Problem and the
               Implications for Parallel Branch and Bound},
  journal   = {{TOPC}},
  volume    = {2},
  number    = {1},
  pages     = {8:1--8:27},
  year      = {2015},
  url       = {http://doi.acm.org/10.1145/2742359},
  doi       = {10.1145/2742359},
  timestamp = {Tue, 03 Jan 2017 13:34:28 +0100},
  biburl    = {http://dblp.org/rec/bib/journals/topc/McCreeshP15},
  bibsource = {dblp computer science bibliography, http://dblp.org}
}
@book{DBLP:books/daglib/0030488,
  author    = {Reinhard Diestel},
  title     = {Graph Theory, 5th Edition},
  series    = {Graduate texts in mathematics},
  volume    = {173},
  publisher = {Springer-Verlag},
  year      = {2016},
  isbn      = {978-3-662-53621-6},
  pages     = {28}
}